@inproceedings{carmeli2001value,
  title={Value of the cosmological constant: Theory versus experiment},
  author = {{Carmeli}, M. and {Kuzmenko}, T.},
  booktitle={AIP Conference Proceedings},
  volume={586},
  number={1},
  pages={316--318},
  year={2001},
  organization={AIP}
}

@article{de2000flat,
  title={A flat Universe from high-resolution maps of the cosmic microwave background radiation},
   author = {{de Bernardis}, P. and {Ade}, P.~A.~R. and {Bock}, J.~J. and 
    {Bond}, J.~R. and {Borrill}, J. and {Boscaleri}, A. and {Coble}, K. and 
    {Crill}, B.~P. and {De Gasperis}, G. and {Farese}, P.~C. and 
    {Ferreira}, P.~G. and {Ganga}, K. and {Giacometti}, M. and {Hivon}, E. and 
    {Hristov}, V.~V. and {Iacoangeli}, A. and {Jaffe}, A.~H. and 
    {Lange}, A.~E. and {Martinis}, L. and {Masi}, S. and {Mason}, P.~V. and 
    {Mauskopf}, P.~D. and {Melchiorri}, A. and {Miglio}, L. and 
    {Montroy}, T. and {Netterfield}, C.~B. and {Pascale}, E. and 
    {Piacentini}, F. and {Pogosyan}, D. and {Prunet}, S. and {Rao}, S. and 
    {Romeo}, G. and {Ruhl}, J.~E. and {Scaramuzzi}, F. and {Sforna}, D. and 
    {Vittorio}, N.},
  journal={Nature},
  volume={404},
  number={6781},
  pages={955},
  year={2000},
  publisher={Nature Publishing Group}
}

@article{lokas2001properties,
  title={Properties of spherical galaxies and clusters with an NFW density profile},
  author = {{Łokas}, E.~L. and {Mamon}, G.~A.},
  journal={Monthly Notices of the Royal Astronomical Society},
  volume={321},
  number={1},
  pages={155--166},
  year={2001},
  publisher={Blackwell Science Ltd Oxford, UK}
}

@inproceedings{navarro1996structure,
  title={The structure of cold dark matter halos},
author = {{Navarro}, J.~F. and {Frenk}, C.~S. and {White}, S.~D.~M.},
  booktitle={Symposium-international astronomical union},
  volume={171},
  pages={255--258},
  year={1996},
  organization={Cambridge University Press}
}

@article{tolman1939static,
  title={Static solutions of Einstein's field equations for spheres of fluid},
  author = {{Tolman}, R.~C.},
  journal={Physical Review},
  volume={55},
  number={4},
  pages={364},
  year={1939},
  publisher={APS}
}

@article{oppenheimer1939massive,
  title={On massive neutron cores},
  author = {{Oppenheimer}, J.~R. and {Volkoff}, G.~M.},
  journal={Physical Review},
  volume={55},
  number={4},
  pages={374},
  year={1939},
  publisher={APS}
}

@article{lasky2006generalized,
  title={Generalized lemaitre-tolman-bondi solutions with pressure},
  author = {{Lasky}, P.~D. and {Lun}, A.~W.~C.},
  journal={Physical Review D},
  volume={74},
  number={8},
  pages={084013},
  year={2006},
  publisher={APS}
}

@article{frittelli2011accuracy,
  title={Accuracy of the thin-lens approximation in strong lensing by smoothly truncated dark matter haloes},
  author = {{Frittelli}, S. and {Kling}, T.~P.},
  journal={Monthly Notices of the Royal Astronomical Society},
  volume={415},
  number={4},
  pages={3599--3608},
  year={2011},
  publisher={Blackwell Publishing Ltd Oxford, UK}
}

@article{ade2016planck,
  title={Planck 2015 results-xiii. cosmological parameters},
   author = {{Planck Collaboration} and {Ade}, P.~A.~R. and {Aghanim}, N. and 
    {Arnaud}, M. and {Ashdown}, M. and {Aumont}, J. and {Baccigalupi}, C. and 
    {Banday}, A.~J. and {Barreiro}, R.~B. and {Bartlett}, J.~G. and et al.},
    title = "{Planck 2015 results. XIII. Cosmological parameters}",
  journal={Astronomy \& Astrophysics},
  volume={594},
  pages={A13},
  year={2016},
  publisher={EDP Sciences}
}

@article{hinshaw2013nine,
  title={Nine-year Wilkinson Microwave Anisotropy Probe (WMAP) observations: cosmological parameter results},
  author = {{Hinshaw}, G. and {Larson}, D. and {Komatsu}, E. and {Spergel}, D.~N. and 
    {Bennett}, C.~L. and {Dunkley}, J. and {Nolta}, M.~R. and {Halpern}, M. and 
    {Hill}, R.~S. and {Odegard}, N. and {Page}, L. and {Smith}, K.~M. and 
    {Weiland}, J.~L. and {Gold}, B. and {Jarosik}, N. and {Kogut}, A. and 
    {Limon}, M. and {Meyer}, S.~S. and {Tucker}, G.~S. and {Wollack}, E. and 
    {Wright}, E.~L.},
    title = "{Nine-year Wilkinson Microwave Anisotropy Probe (WMAP) Observations: Cosmological Parameter Results}",
  journal={The Astrophysical Journal Supplement Series},
  volume={208},
  number={2},
  pages={19},
  year={2013},
  publisher={IOP Publishing}
}

@book{brent2013algorithms,
  title={Algorithms for minimization without derivatives},
  author = {{Brent}, R.~P.},
  year={2013},
  publisher={Courier Corporation}
}

@misc{jones2014scipy,
  title={$\{$SciPy$\}$: open source scientific tools for $\{$Python$\}$},
  author = {{Jones}, E. and {Oliphant}, T. and {Peterson}, P.},
  year={2014},
  url = "http://www.scipy.org/",
}

@article{dormand1980family,
  title={A family of embedded Runge-Kutta formulae},
  author = {{Dormand}, J.~R. and {Prince}, P.~J.},
  journal={Journal of computational and applied mathematics},
  volume={6},
  number={1},
  pages={19--26},
  year={1980},
  publisher={Elsevier}
}

@article{hogg1999distance,
  title={Distance measures in cosmology},
  author = {{Hogg}, D.~W.},
  journal = {ArXiv Astrophysics e-prints},
  archivePrefix = "arXiv",
  eprint = {astro-ph/9905116},
  year={1999}
}

@book{peacock1999cosmological,
  title={Cosmological physics},
  author = {{Peacock}, J.~A.},
  year={1999},
  publisher={Cambridge University Press}
}

@article{refsdal1964gravitational,
  title={The gravitational lens effect},
  author = {{Refsdal}, S.},
  journal={Monthly Notices of the Royal Astronomical Society},
  volume={128},
  number={4},
  pages={295--306},
  year={1964},
  publisher={Oxford University Press}
}

@book{schneider1992gravitationallenses,
  title={Gravitational Lenses},
  author = {{Schneider}, P. and {Ehlers}, J. and {Falco}, E.~E.},
  year={1992},
  publisher={Springer},
}

@book{misner2017gravitation,
  title={Gravitation},
  author = {{Misner}, C.~W. and {Thorne}, K.~S. and {Wheeler}, J.~A.},
  year={2017},
  publisher={Princeton University Press}
}

@article{lake2002bending,
  title={Bending of light and the cosmological constant},
  author = {{Lake}, K.},
  journal={Physical Review D},
  volume={65},
  number={8},
  pages={087301},
  year={2002},
  publisher={APS}
}

@article{rindler2007contribution,
  title={Contribution of the cosmological constant to the relativistic bending of light revisited},
  author = {{Rindler}, W. and {Ishak}, M.},
  journal={Physical Review D},
  volume={76},
  number={4},
  pages={043006},
  year={2007},
  publisher={APS}
}

@article{peebles2003cosmological,
  title={The cosmological constant and dark energy},
  author = {{Peebles}, P.~J. and {Ratra}, B.},
  journal={Reviews of modern physics},
  volume={75},
  number={2},
  pages={559},
  year={2003},
  publisher={APS}
}

@book{wald2010general,
  title={General relativity},
  author = {{Wald}, R.~M.},
  year={2010},
  publisher={University of Chicago press}
}

@article{spergel2003first,
  title={First-year Wilkinson Microwave Anisotropy Probe (WMAP)* observations: determination of cosmological parameters},
   author = {{Spergel}, D.~N. and {Verde}, L. and {Peiris}, H.~V. and {Komatsu}, E. and 
    {Nolta}, M.~R. and {Bennett}, C.~L. and {Halpern}, M. and {Hinshaw}, G. and 
    {Jarosik}, N. and {Kogut}, A. and {Limon}, M. and {Meyer}, S.~S. and 
    {Page}, L. and {Tucker}, G.~S. and {Weiland}, J.~L. and {Wollack}, E. and 
    {Wright}, E.~L.},
    title = "{First-Year Wilkinson Microwave Anisotropy Probe (WMAP) Observations: Determination of Cosmological Parameters}",
  journal={The Astrophysical Journal Supplement Series},
  volume={148},
  number={1},
  pages={175},
  year={2003},
  publisher={IOP Publishing}
}

@article{riess2004type,
  title={Type Ia supernova discoveries at z> 1 from the Hubble Space Telescope: Evidence for past deceleration and constraints on dark energy evolution},
   author = {{Riess}, A.~G. and {Strolger}, L.-G. and {Tonry}, J. and {Casertano}, S. and 
    {Ferguson}, H.~C. and {Mobasher}, B. and {Challis}, P. and {Filippenko}, A.~V. and 
    {Jha}, S. and {Li}, W. and {Chornock}, R. and {Kirshner}, R.~P. and 
    {Leibundgut}, B. and {Dickinson}, M. and {Livio}, M. and {Giavalisco}, M. and 
    {Steidel}, C.~C. and {Benítez}, T. and {Tsvetanov}, Z.
    },
  journal={The Astrophysical Journal},
  volume={607},
  number={2},
  pages={665},
  year={2004},
  publisher={IOP Publishing}
}

@book{wheeler2000geons,
  title={Geons, black holes, and quantum foam: A life in physics},
  author = {{Wheeler}, J.~A. and {Ford}, K.},
  year={2000},
  publisher={WW Norton \& Company}
}

@article{winberg1972gravitation,
  title = "{Gravitation and Cosmology: Principles and Applications of the General Theory of Relativity}",
  author = {{Weinberg}, S.},
  journal={ed. John Wiley and Sons, New York},
  year={1972}
}

@article{israel1966singular,
  title={Singular hypersurfaces and thin shells in general relativity},
  author = {{Israel}, W.},
  journal={Il Nuovo Cimento B (1965-1970)},
  volume={44},
  number={1},
  pages={1--14},
  year={1966},
  publisher={Springer}
}

@book {darmois1927equations, 
  author = {{Darmois}, G.}, 
  publisher = {Gauthier-Villars}, 
  title={Les {\'e}quations de la gravitation einsteinienne},
  year = {1927}, 
}

@article{arakida2016effect,
  title={Effect of the Cosmological Constant on Light Deflection: Time Transfer Function Approach},
  author = {{Arakida}, H.},
  journal={Universe},
  volume={2},
  number={1},
  pages={5},
  year={2016},
  publisher={Multidisciplinary Digital Publishing Institute}
}

@article{piattella2016lensing,
  title={Lensing in the McVittie metric},
  author = {{Piattella}, O.~F.},
  journal={Physical Review D},
  volume={93},
  number={2},
  pages={024020},
  year={2016},
  publisher={APS}
}

@article{butcher2016no,
  title={No practical lensing by Lambda: Deflection of light in the Schwarzschild--de Sitter spacetime},
  author = {{Butcher}, L.~M.},
  journal={Physical Review D},
  volume={94},
  number={8},
  pages={083011},
  year={2016},
  publisher={APS}
}

@article{kim2016spherically,
  title={Spherically-symmetric solutions in general relativity},
  author = {{Kim}, D.~Y. and {Lasenby}, A.~N. and {Hobson}, M.~P.},
  journal={arXiv preprint arXiv:1604.06365},
  year={2016}
}

@article{aghili2017effect,
  title={Effect of accelerated global expansion on the bending of light},
  author = {{Aghili}, M.~E. and {Bolen}, B. and {Bombelli}, L.},  journal={General Relativity and Gravitation},
  volume={49},
  number={1},
  pages={10},
  year={2017},
  publisher={Springer}
}

@article{schucker2009strong,
  title={Strong lensing in the Einstein--Straus solution},
  author = {{Schücker}, T.},
  journal={General Relativity and Gravitation},
  volume={41},
  number={7},
  pages={1595--1610},
  year={2009},
  publisher={Springer}
}

@article{ishak2010relevance,
  title={The relevance of the cosmological constant for lensing},
  author = {{Ishak}, M. and {Rindler}, W.},
  journal={General Relativity and Gravitation},
  volume={42},
  number={9},
  pages={2247--2268},
  year={2010},
  publisher={Springer US}
}

@article{bhadra2010gravitational,
  title={Gravitational deflection of light in the Schwarzschild--de Sitter space-time},
  author = {{Bhadra}, A. and {Biswas}, S. and {Sarkar}, K.},
  journal={Physical Review D},
  volume={82},
  number={6},
  pages={063003},
  year={2010},
  publisher={APS}
}

@article{arakida2012effect,
  title={Effect of the cosmological constant on the bending of light and the cosmological lens equation},
  author = {{Arakida}, H. and {Kasai}, M.},
  journal={Physical Review D},
  volume={85},
  number={2},
  pages={023006},
  year={2012},
  publisher={APS}
}

@phdthesis{beynon2012testing,
  title={Testing gravity and dark energy with gravitational lensing},
  author={{Beynon}, E.},
  year={2012},
  school={University of Portsmouth}
}

@article{hammad2013note,
  title={A note on the effect of the cosmological constant on the bending of light},
  author = {{Hammad}, F.},
  journal={Modern Physics Letters A},
  volume={28},
  number={39},
  pages={1350181},
  year={2013},
  publisher={World Scientific}
}

@article{lebedev2013influence,
  title={On the influence of the cosmological constant on trajectories of light and associated measurements in Schwarzschild de Sitter space},
  author = {{Lebedev}, D. and {Lake}, K.},
  journal = {ArXiv e-prints},
archivePrefix = "arXiv",
   eprint = {1308.4931},
 primaryClass = "gr-qc",
  year={2013}
}

@article{sereno2008influence,
  title={Influence of the cosmological constant on gravitational lensing in small systems},
  author = {{Sereno}, M.},
  journal={Physical Review D},
  volume={77},
  number={4},
  pages={043004},
  year={2008},
  publisher={APS}
}

@article{schucker2008strong,
  title={Strong lensing with positive cosmological constant},
  author = {{Schücker}, T.},
  journal = {ArXiv e-prints},
archivePrefix = "arXiv",
   eprint = {0805.1630},
 primaryClass = "astro-ph",
  year={2008}
}

@article{park2008rigorous,
  title={Rigorous approach to gravitational lensing},
  author = {{Park}, M.},
  journal={Physical Review D},
  volume={78},
  number={2},
  pages={023014},
  year={2008},
  publisher={APS}
}

@article{ishak2008new,
  title={A new independent limit on the cosmological constant/dark energy from the relativistic bending of light by galaxies and clusters of galaxies},
  author = {{Ishak}, M. and {Rindler}, W. and {Dossett}, J. and {Moldenhauer}, J. and 
    {Allison}, C.},
  journal={Monthly Notices of the Royal Astronomical Society},
  volume={388},
  number={3},
  pages={1279--1283},
  year={2008},
  publisher={Blackwell Publishing Ltd Oxford, UK}
}

@article{kantowski2010gravitational,
  title={Gravitational lensing corrections in flat $\Lambda$CDM cosmology},
  author = {{Kantowski}, R. and {Chen}, B. and {Dai}, X.},
  journal={The Astrophysical Journal},
  volume={718},
  number={2},
  pages={913},
  year={2010},
  publisher={IOP Publishing}
}

@article{mcvittie1933mass,
  title={The mass-particle in an expanding universe},
  author = {{McVittie}, G.~C.},
  journal={Monthly Notices of the Royal Astronomical Society},
  volume={93},
  pages={325--339},
  year={1933}
}

@article{tolman1934effect,
  title={Effect of inhomogeneity on cosmological models},
  author = {{Tolman}, R.~C.},
  journal={Proceedings of the National Academy of Sciences},
  volume={20},
  number={3},
  pages={169--176},
  year={1934},
  publisher={National Acad Sciences}
}

@article{bondi1947spherically,
  title={Spherically symmetrical models in general relativity},
  author = {{Bondi}, H.},
  journal={Monthly Notices of the Royal Astronomical Society},
  volume={107},
  number={5-6},
  pages={410--425},
  year={1947},
  publisher={Oxford University Press}
}

@article{islam1983cosmological,
  title={The cosmological constant and classical tests of general relativity},
  author = {{Islam}, J.~N.},
  journal={Physics Letters A},
  volume={97},
  number={6},
  pages={239--241},
  year={1983},
  publisher={Elsevier}
}

@article{fukugita1990possible,
  title={A possible test for the cosmological constant with gravitational lenses},
  author={{Fukugita}, M. and {Futamase}, T. and {Kasai}, M.},
  journal={Monthly Notices of the Royal Astronomical Society},
  volume={246},
  pages={24P},
  year={1990}
}

@book{will1993theory,
  title = "{Theory and Experiment in Gravitational Physics}",
  author = {{Will}, C.~M.},
  year={1993},
  publisher={Cambridge University Press}
}

@article{lemaitre1933expansion,
   author = {{Lemaître}, G.},
    title = "{L'Univers en expansion}",
  journal = {Annales de la Soci{\'e}t{\'e} Scientifique de Bruxelles},
     year = 1933,
   volume = 53,
   adsurl = {http://adsabs.harvard.edu/abs/1933ASSB...53...51L},
  adsnote = {Provided by the SAO/NASA Astrophysics Data System}
}


@article{simpson2010lensing,
  title={On lensing by a cosmological constant},
  author = {{Simpson}, F. and {Peacock}, J.~A. and {Heavens}, A.~F.},
  journal={Monthly Notices of the Royal Astronomical Society},
  volume={402},
  number={3},
  pages={2009--2016},
  year={2010},
  publisher={Blackwell Publishing Ltd Oxford, UK}
}

@article{kottler1918physikalischen,
  title={{\"U}ber die physikalischen grundlagen der Einsteinschen gravitationstheorie},
  author = {{Kottler}, F.},
  journal={Annalen der Physik},
  volume={361},
  number={14},
  pages={401--462},
  year={1918},
  publisher={Wiley Online Library}
}

@article{ishak2010more,
  title={More on lensing by a cosmological constant},
  author = {{Ishak}, M. and {Rindler}, W. and {Dossett}, J.},
  journal={Monthly Notices of the Royal Astronomical Society},
  volume={403},
  number={4},
  pages={2152--2156},
  year={2010},
  publisher={Wiley Online Library}
}

@article{fleury2013interpretation,
  title={Interpretation of the Hubble diagram in a nonhomogeneous universe},
  author = {{Fleury}, P. and {Dupuy}, H. and {Uzan}, J.-P.},
  journal={Physical Review D},
  volume={87},
  number={12},
  pages={123526},
  year={2013},
  publisher={APS}
}

@article{khriplovich2008does,
  title={Does the Cosmological Term Influence Gravitational Lensing?},
  author = {{Khriplovich}, I.~B. and {Pomeransky}, A.~A.},
  journal={International Journal of Modern Physics D},
  volume={17},
  number={12},
  pages={2255--2259},
  year={2008},
  publisher={World Scientific}
}

@article{keeton2005formalism,
  title={Formalism for testing theories of gravity using lensing by compact objects: Static, spherically symmetric case},
  author = {{Keeton}, C.~R. and {Petters}, A.~O.},
  journal={Physical Review D},
  volume={72},
  number={10},
  pages={104006},
  year={2005},
  publisher={APS}
}

@article{einstein1945influence,
  title={The influence of the expansion of space on the gravitation fields surrounding the individual stars},
  author = {{Einstein}, A. and {Straus}, E.~G.},
  journal={Reviews of Modern Physics},
  volume={17},
  number={2-3},
  pages={120--124},
  year={1945},
  publisher={APS}
}

@article{kantowski1969corrections,
  title={Corrections in the Luminosity-Redshift Relations of the Homogeneous Fried-Mann Models},
  author = {{Kantowski}, R.},
  journal={The Astrophysical Journal},
  volume={155},
  pages={89},
  year={1969}
}

@article{szybka2011light,
  title={Light propagation in Swiss-cheese cosmologies},
  author = {{Szybka}, S.~J.},
  journal={Physical Review D},
  volume={84},
  number={4},
  pages={044011},
  year={2011},
  publisher={APS}
}

@article{vanderveld2008luminosity,
  title={Luminosity distance in “Swiss cheese” cosmology with randomized voids. I. Single void size},
  author = {{Vanderveld}, R.~A. and {Flanagan}, {\'E}.~{\'E}. and {Wasserman}, I.
    },
  journal={Physical Review D},
  volume={78},
  number={8},
  pages={083511},
  year={2008},
  publisher={APS}
}

@article{fleury2014swiss,
  title={Swiss-cheese models and the Dyer-Roeder approximation},
  author = {{Fleury}, P.},
  journal={Journal of Cosmology and Astroparticle Physics},
  volume={2014},
  number={06},
  pages={054},
  year={2014},
  publisher={IOP Publishing}
}

@article{bolejko2009szekeres,
  title={The Szekeres Swiss Cheese model and the CMB observations},
  author = {{Bolejko}, K.},
  journal={General Relativity and Gravitation},
  volume={41},
  number={8},
  pages={1737--1755},
  year={2009},
  publisher={Springer}
}

@article{valkenburg2009swiss,
  title={Swiss cheese and a cheesy CMB},
  author = {{Valkenburg}, W.},
  journal={Journal of Cosmology and Astroparticle Physics},
  volume={2009},
  number={06},
  pages={010},
  year={2009},
  publisher={IOP Publishing}
}

@article{bolejko2011effect,
  title={The effect of inhomogeneities on the distance to the last scattering surface and the accuracy of the CMB analysis},
  author = {{Bolejko}, K.},
  journal={Journal of Cosmology and Astroparticle Physics},
  volume={2011},
  number={02},
  pages={025},
  year={2011},
  publisher={IOP Publishing}
}