@inproceedings{carmeli2001value,
   author = {{Carmeli}, M. and {Kuzmenko}, T.},
    title = "{Value of the cosmological constant: Theory versus experiment}",
booktitle = {20th Texas Symposium on relativistic astrophysics},
     year = 2001,
   series = {American Institute of Physics Conference Series},
   volume = 586,
archivePrefix = "arXiv",
   eprint = {astro-ph/0102033},
    pages = {316-318},
      doi = {10.1063/1.1419571},
   adsurl = {http://adsabs.harvard.edu/abs/2001AIPC..586..316C},
  adsnote = {Provided by the SAO/NASA Astrophysics Data System}
}
@article{de2000flat,
   author = {{de Bernardis}, P. and {Ade}, P.~A.~R. and {Bock}, J.~J. and 
    {Bond}, J.~R. and {Borrill}, J. and {Boscaleri}, A. and {Coble}, K. and 
    {Crill}, B.~P. and {De Gasperis}, G. and {Farese}, P.~C. and 
    {Ferreira}, P.~G. and {Ganga}, K. and {Giacometti}, M. and {Hivon}, E. and 
    {Hristov}, V.~V. and {Iacoangeli}, A. and {Jaffe}, A.~H. and 
    {Lange}, A.~E. and {Martinis}, L. and {Masi}, S. and {Mason}, P.~V. and 
    {Mauskopf}, P.~D. and {Melchiorri}, A. and {Miglio}, L. and 
    {Montroy}, T. and {Netterfield}, C.~B. and {Pascale}, E. and 
    {Piacentini}, F. and {Pogosyan}, D. and {Prunet}, S. and {Rao}, S. and 
    {Romeo}, G. and {Ruhl}, J.~E. and {Scaramuzzi}, F. and {Sforna}, D. and 
    {Vittorio}, N.},
    title = "{A flat Universe from high-resolution maps of the cosmic microwave background radiation}",
  journal = {\nat},
  archivePrefix = "arXiv",
   eprint = {astro-ph/0004404},
     year = 2000,
    month = apr,
   volume = 404,
    pages = {955-959},
      doi = {10.1038/35010035},
   adsurl = {http://adsabs.harvard.edu/abs/2000Natur.404..955D},
  adsnote = {Provided by the SAO/NASA Astrophysics Data System}
}

@article{lokas2001properties,
   author = {{≈Åokas}, E.~L. and {Mamon}, G.~A.},
    title = "{Properties of spherical galaxies and clusters with an NFW density profile}",
  journal = {\mnras},
   eprint = {astro-ph/0002395},
 keywords = {METHODS: ANALYTICAL, GALAXIES: CLUSTERS: GENERAL, LARGE-SCALE STRUCTURE OF UNIVERSE, methods: analytical, galaxies: clusters: general, large-scale structure of Universe},
     year = 2001,
    month = feb,
   volume = 321,
    pages = {155-166},
      doi = {10.1046/j.1365-8711.2001.04007.x},
   adsurl = {http://adsabs.harvard.edu/abs/2001MNRAS.321..155L},
  adsnote = {Provided by the SAO/NASA Astrophysics Data System}
}

@article{navarro1996structure,
   author = {{Navarro}, J.~F. and {Frenk}, C.~S. and {White}, S.~D.~M.},
    title = "{The Structure of Cold Dark Matter Halos}",
  journal = {\apj},
   eprint = {astro-ph/9508025},
 keywords = {COSMOLOGY: THEORY, COSMOLOGY: DARK MATTER, GALAXIES: HALOS, METHODS: NUMERICAL},
     year = 1996,
    month = may,
   volume = 462,
    pages = {563},
      doi = {10.1086/177173},
   adsurl = {http://adsabs.harvard.edu/abs/1996ApJ...462..563N},
  adsnote = {Provided by the SAO/NASA Astrophysics Data System}
}

@article{tolman1939static,
   author = {{Tolman}, R.~C.},
    title = "{Static Solutions of Einstein's Field Equations for Spheres of Fluid}",
  journal = {Physical Review},
     year = 1939,
    month = feb,
   volume = 55,
    pages = {364-373},
      doi = {10.1103/PhysRev.55.364},
   adsurl = {http://adsabs.harvard.edu/abs/1939PhRv...55..364T},
  adsnote = {Provided by the SAO/NASA Astrophysics Data System}
}

@article{oppenheimer1939massive,
   author = {{Oppenheimer}, J.~R. and {Volkoff}, G.~M.},
    title = "{On Massive Neutron Cores}",
  journal = {Physical Review},
     year = 1939,
    month = feb,
   volume = 55,
    pages = {374-381},
      doi = {10.1103/PhysRev.55.374},
   adsurl = {http://adsabs.harvard.edu/abs/1939PhRv...55..374O},
  adsnote = {Provided by the SAO/NASA Astrophysics Data System}
}

@article{lasky2006generalized,
   author = {{Lasky}, P.~D. and {Lun}, A.~W.~C.},
    title = "{Generalized Lemaitre-Tolman-Bondi solutions with pressure}",
  journal = {\prd},
   eprint = {gr-qc/0606055},
 keywords = {Initial value problem existence and uniqueness of solutions, Exact solutions, Classical black holes},
     year = 2006,
    month = oct,
   volume = 74,
   number = 8,
      eid = {084013},
    pages = {084013},
      doi = {10.1103/PhysRevD.74.084013},
   adsurl = {http://adsabs.harvard.edu/abs/2006PhRvD..74h4013L},
  adsnote = {Provided by the SAO/NASA Astrophysics Data System}
}

@article{frittelli2011accuracy,
   author = {{Frittelli}, S. and {Kling}, T.~P.},
    title = "{Accuracy of the thin-lens approximation in strong lensing by smoothly truncated dark matter haloes}",
  journal = {\mnras},
archivePrefix = "arXiv",
   eprint = {1105.3783},
 keywords = {gravitation, gravitational lensing: strong, galaxies: clusters: general},
     year = 2011,
    month = aug,
   volume = 415,
    pages = {3599-3608},
      doi = {10.1111/j.1365-2966.2011.18974.x},
   adsurl = {http://adsabs.harvard.edu/abs/2011MNRAS.415.3599F},
  adsnote = {Provided by the SAO/NASA Astrophysics Data System}
}

@article{ade2016planck,
   author = {{Planck Collaboration} and {Ade}, P.~A.~R. and {Aghanim}, N. and 
    {Arnaud}, M. and {Ashdown}, M. and {Aumont}, J. and {Baccigalupi}, C. and 
    {Banday}, A.~J. and {Barreiro}, R.~B. and {Bartlett}, J.~G. and et al.},
    title = "{Planck 2015 results. XIII. Cosmological parameters}",
  journal = {\aap},
archivePrefix = "arXiv",
   eprint = {1502.01589},
 keywords = {cosmology: observations, cosmology: theory, cosmic background radiation, cosmological parameters},
     year = 2016,
    month = sep,
   volume = 594,
      eid = {A13},
    pages = {A13},
      doi = {10.1051/0004-6361/201525830},
   adsurl = {http://adsabs.harvard.edu/abs/2016A%26A...594A..13P},
  adsnote = {Provided by the SAO/NASA Astrophysics Data System}
}

@article{hinshaw2013nine,
   author = {{Hinshaw}, G. and {Larson}, D. and {Komatsu}, E. and {Spergel}, D.~N. and 
    {Bennett}, C.~L. and {Dunkley}, J. and {Nolta}, M.~R. and {Halpern}, M. and 
    {Hill}, R.~S. and {Odegard}, N. and {Page}, L. and {Smith}, K.~M. and 
    {Weiland}, J.~L. and {Gold}, B. and {Jarosik}, N. and {Kogut}, A. and 
    {Limon}, M. and {Meyer}, S.~S. and {Tucker}, G.~S. and {Wollack}, E. and 
    {Wright}, E.~L.},
    title = "{Nine-year Wilkinson Microwave Anisotropy Probe (WMAP) Observations: Cosmological Parameter Results}",
  journal = {\apjs},
archivePrefix = "arXiv",
   eprint = {1212.5226},
 keywords = {cosmic background radiation, cosmology: observations, dark matter, early universe, instrumentation: detectors, space vehicles, space vehicles: instruments, telescopes },
     year = 2013,
    month = oct,
   volume = 208,
      eid = {19},
    pages = {19},
      doi = {10.1088/0067-0049/208/2/19},
   adsurl = {http://adsabs.harvard.edu/abs/2013ApJS..208...19H},
  adsnote = {Provided by the SAO/NASA Astrophysics Data System}
}

@book{brent2013algorithms,
  title={Algorithms for minimization without derivatives},
  author = {{Brent}, R.~P.},
  year={2013},
  publisher={Courier Corporation}
}

@misc{jones2014scipy,
  title={$\{$SciPy$\}$: open source scientific tools for $\{$Python$\}$},
  author = {{Jones}, E. and {Oliphant}, T. and {Peterson}, P.},
  year={2014},
  url = "http://www.scipy.org/",
}

@article{dormand1980family,
  title={A family of embedded Runge-Kutta formulae},
  author = {{Dormand}, J.~R. and {Prince}, P.~J.},
  journal={Journal of computational and applied mathematics},
  volume={6},
  number={1},
  pages={19--26},
  year={1980},
  publisher={Elsevier}
}

@article{hogg1999distance,
   author = {{Hogg}, D.~W.},
    title = "{Distance measures in cosmology}",
  journal = {ArXiv Astrophysics e-prints},
   eprint = {astro-ph/9905116},
 keywords = {Astrophysics},
     year = 1999,
    month = may,
   adsurl = {http://adsabs.harvard.edu/abs/1999astro.ph..5116H},
  adsnote = {Provided by the SAO/NASA Astrophysics Data System}
}

@book{peacock1999cosmological,
   author = {{Peacock}, J.~A.},
    title = "{Cosmological Physics}",
booktitle = {Cosmological Physics, by John A.~Peacock, pp.~704.~ISBN 052141072X.~Cambridge, UK: Cambridge University Press, January 1999.},
     year = 1999,
    month = jan,
    pages = {704},
   adsurl = {http://adsabs.harvard.edu/abs/1999coph.book.....P},
  adsnote = {Provided by the SAO/NASA Astrophysics Data System},
  publisher={Cambridge University Press}
}

@article{refsdal1964gravitational,
   author = {{Refsdal}, S.},
    title = "{The gravitational lens effect}",
  journal = {\mnras},
     year = 1964,
   volume = 128,
    pages = {295},
      doi = {10.1093/mnras/128.4.295},
   adsurl = {http://adsabs.harvard.edu/abs/1964MNRAS.128..295R},
  adsnote = {Provided by the SAO/NASA Astrophysics Data System}
}

@book{schneider1992gravitationallenses,
   author = {{Schneider}, P. and {Ehlers}, J. and {Falco}, E.~E.},
    title = "{Gravitational Lenses}",
booktitle = {Gravitational Lenses, XIV, 560 pp.~112 figs..~Springer-Verlag Berlin Heidelberg New York.~ Also Astronomy and Astrophysics Library},
     year = 1992,
    pages = {112},
      doi = {10.1007/978-3-662-03758-4},
   adsurl = {http://adsabs.harvard.edu/abs/1992grle.book.....S},
  adsnote = {Provided by the SAO/NASA Astrophysics Data System},
  publisher = {Springer}
}

@book{misner2017gravitation,
   author = {{Misner}, C.~W. and {Thorne}, K.~S. and {Wheeler}, J.~A.},
    title = "{Gravitation}",
booktitle = {San Francisco: W.H.~Freeman and Co., 1973},
     year = 2017,
   adsurl = {http://adsabs.harvard.edu/abs/1973grav.book.....M},
  adsnote = {Provided by the SAO/NASA Astrophysics Data System},
  publisher={Princeton University Press}
}

@article{lake2002bending,
   author = {{Lake}, K.},
    title = "{Bending of light and the cosmological constant}",
  journal = {\prd},
   eprint = {gr-qc/0103057},
 keywords = {Relativity and gravitation, Exact solutions},
     year = 2002,
    month = apr,
   volume = 65,
   number = 8,
      eid = {087301},
    pages = {087301},
      doi = {10.1103/PhysRevD.65.087301},
   adsurl = {http://adsabs.harvard.edu/abs/2002PhRvD..65h7301L},
  adsnote = {Provided by the SAO/NASA Astrophysics Data System}
}

@article{rindler2007contribution,
   author = {{Rindler}, W. and {Ishak}, M.},
    title = "{Contribution of the cosmological constant to the relativistic bending of light revisited}",
  journal = {\prd},
archivePrefix = "arXiv",
   eprint = {0709.2948},
 keywords = {Relativity and gravitation, Gravitational lenses and luminous arcs, Observational cosmology},
     year = 2007,
    month = aug,
   volume = 76,
   number = 4,
      eid = {043006},
    pages = {043006},
      doi = {10.1103/PhysRevD.76.043006},
   adsurl = {http://adsabs.harvard.edu/abs/2007PhRvD..76d3006R},
  adsnote = {Provided by the SAO/NASA Astrophysics Data System}
}

@article{peebles2003cosmological,
   author = {{Peebles}, P.~J. and {Ratra}, B.},
    title = "{The cosmological constant and dark energy}",
  journal = {Reviews of Modern Physics},
   eprint = {astro-ph/0207347},
 keywords = {Dark matter, Mathematical and relativistic aspects of cosmology, Surveys and tutorial papers, resource letters},
     year = 2003,
    month = apr,
   volume = 75,
    pages = {559-606},
      doi = {10.1103/RevModPhys.75.559},
   adsurl = {http://adsabs.harvard.edu/abs/2003RvMP...75..559P},
  adsnote = {Provided by the SAO/NASA Astrophysics Data System}
}

@book{wald2010general,
   author = {{Wald}, R.~M.},
    title = "{General relativity}",
booktitle = {Chicago, University of Chicago Press, 1984, 504 p.},
     year = 1984,
   adsurl = {http://adsabs.harvard.edu/abs/1984ucp..book.....W},
  adsnote = {Provided by the SAO/NASA Astrophysics Data System},
  publisher={University of Chicago press}
}

@article{spergel2003first,
   author = {{Spergel}, D.~N. and {Verde}, L. and {Peiris}, H.~V. and {Komatsu}, E. and 
    {Nolta}, M.~R. and {Bennett}, C.~L. and {Halpern}, M. and {Hinshaw}, G. and 
    {Jarosik}, N. and {Kogut}, A. and {Limon}, M. and {Meyer}, S.~S. and 
    {Page}, L. and {Tucker}, G.~S. and {Weiland}, J.~L. and {Wollack}, E. and 
    {Wright}, E.~L.},
    title = "{First-Year Wilkinson Microwave Anisotropy Probe (WMAP) Observations: Determination of Cosmological Parameters}",
  journal = {\apjs},
   eprint = {astro-ph/0302209},
 keywords = {Cosmology: Cosmic Microwave Background, Cosmology: Cosmological Parameters- Cosmology: Observations, Cosmology: Early Universe},
     year = 2003,
    month = sep,
   volume = 148,
    pages = {175-194},
      doi = {10.1086/377226},
   adsurl = {http://adsabs.harvard.edu/abs/2003ApJS..148..175S},
  adsnote = {Provided by the SAO/NASA Astrophysics Data System}
}

@article{riess2004type,
   author = {{Riess}, A.~G. and {Strolger}, L.-G. and {Tonry}, J. and {Casertano}, S. and 
    {Ferguson}, H.~C. and {Mobasher}, B. and {Challis}, P. and {Filippenko}, A.~V. and 
    {Jha}, S. and {Li}, W. and {Chornock}, R. and {Kirshner}, R.~P. and 
    {Leibundgut}, B. and {Dickinson}, M. and {Livio}, M. and {Giavalisco}, M. and 
    {Steidel}, C.~C. and {Ben√≠tez}, T. and {Tsvetanov}, Z.
    },
    title = "{Type Ia Supernova Discoveries at z > 1 from the Hubble Space Telescope: Evidence for Past Deceleration and Constraints on Dark Energy Evolution}",
  journal = {\apj},
   eprint = {astro-ph/0402512},
 keywords = {Cosmology: Observations, Cosmology: Distance Scale, Galaxies: Distances and Redshifts, Stars: Supernovae: General},
     year = 2004,
    month = jun,
   volume = 607,
    pages = {665-687},
      doi = {10.1086/383612},
   adsurl = {http://adsabs.harvard.edu/abs/2004ApJ...607..665R},
  adsnote = {Provided by the SAO/NASA Astrophysics Data System}
}

@book{wheeler2000geons,
   author = {{Wheeler}, J.~A. and {Ford}, K.},
    title = "{Geons, black holes and quantum foam : a life in physics}",
 keywords = {HISTORY OF ASTRONOMY, HISTORY OF PHYSICS, BIOGRAPHIES},
booktitle = {Geons, black holes and quantum foam : a life in physics.~Publisher: New York, NY: Norton, 1998.~ISBN: 0393046427},
     year = 1998,
   adsurl = {http://adsabs.harvard.edu/abs/1998gbhq.book.....W},
  adsnote = {Provided by the SAO/NASA Astrophysics Data System},
  publisher={New York, NY: Norton}
}

@book{winberg1972gravitation,
   author = {{Weinberg}, S.},
    title = "{Gravitation and Cosmology: Principles and Applications of the General Theory of Relativity}",
booktitle = {Gravitation and Cosmology: Principles and Applications of the General Theory of Relativity, by Steven Weinberg, pp.~688.~ISBN 0-471-92567-5.~Wiley-VCH , July 1972.},
     year = 1972,
    month = jul,
    pages = {688},
   adsurl = {http://adsabs.harvard.edu/abs/1972gcpa.book.....W},
  adsnote = {Provided by the SAO/NASA Astrophysics Data System}
}

@article{israel1966singular,
   author = {{Israel}, W.},
    title = "{Singular hypersurfaces and thin shells in general relativity}",
  journal = {Nuovo Cimento B Serie},
     year = 1966,
    month = jul,
   volume = 44,
    pages = {1-14},
      doi = {10.1007/BF02710419},
   adsurl = {http://adsabs.harvard.edu/abs/1966NCimB..44....1I},
  adsnote = {Provided by the SAO/NASA Astrophysics Data System}
}

@book{darmois1927equations, 
  author = {{Darmois}, G.}, 
  publisher = {Gauthier-Villars}, 
  title={Les {\'e}quations de la gravitation einsteinienne},
  year = {1927}
}

@article{arakida2016effect,
   author = {{Arakida}, H.},
    title = "{Effect of the Cosmological Constant on Light Deflection: Time Transfer Function Approach}",
  journal = {Universe},
     year = 2016,
    month = mar,
   volume = 2,
    pages = {5},
      doi = {10.3390/universe2010005},
   adsurl = {http://adsabs.harvard.edu/abs/2016Univ....2....5A},
  adsnote = {Provided by the SAO/NASA Astrophysics Data System}
}

@article{piattella2016lensing,
   author = {{Piattella}, O.~F.},
    title = "{Lensing in the McVittie metric}",
  journal = {\prd},
archivePrefix = "arXiv",
   eprint = {1508.04763},
     year = 2016,
    month = jan,
   volume = 93,
   number = 2,
      eid = {024020},
    pages = {024020},
      doi = {10.1103/PhysRevD.93.024020},
   adsurl = {http://adsabs.harvard.edu/abs/2016PhRvD..93b4020P},
  adsnote = {Provided by the SAO/NASA Astrophysics Data System}
}

@article{butcher2016no,
   author = {{Butcher}, L.~M.},
    title = "{No practical lensing by Lambda: Deflection of light in the Schwarzschild-de Sitter spacetime}",
  journal = {\prd},
archivePrefix = "arXiv",
   eprint = {1602.02751},
 primaryClass = "gr-qc",
     year = 2016,
    month = oct,
   volume = 94,
   number = 8,
      eid = {083011},
    pages = {083011},
      doi = {10.1103/PhysRevD.94.083011},
   adsurl = {http://adsabs.harvard.edu/abs/2016PhRvD..94h3011B},
  adsnote = {Provided by the SAO/NASA Astrophysics Data System}
}

@article{kim2016spherically,
   author = {{Kim}, D.~Y. and {Lasenby}, A.~N. and {Hobson}, M.~P.},
    title = "{Spherically-symmetric solutions in general relativity}",
  journal = {ArXiv e-prints},
archivePrefix = "arXiv",
   eprint = {1604.06365},
 primaryClass = "gr-qc",
 keywords = {General Relativity and Quantum Cosmology, Astrophysics - Cosmology and Nongalactic Astrophysics},
     year = 2016,
    month = apr,
   adsurl = {http://adsabs.harvard.edu/abs/2016arXiv160406365K},
  adsnote = {Provided by the SAO/NASA Astrophysics Data System}
}

@article{aghili2017effect,
   author = {{Aghili}, M.~E. and {Bolen}, B. and {Bombelli}, L.},
    title = "{Effect of accelerated global expansion on the bending of light}",
  journal = {General Relativity and Gravitation},
 keywords = {Light bending, Cosmological expansion, McVittie metric},
     year = 2017,
    month = jan,
   volume = 49,
      eid = {10},
    pages = {10},
      doi = {10.1007/s10714-016-2175-6},
   adsurl = {http://adsabs.harvard.edu/abs/2017GReGr..49...10A},
  adsnote = {Provided by the SAO/NASA Astrophysics Data System}
}

@article{schucker2009strong,
   author = {{Sch√ºcker}, T.},
    title = "{Strong lensing in the Einstein-Straus solution}",
  journal = {General Relativity and Gravitation},
archivePrefix = "arXiv",
   eprint = {0807.0380},
 keywords = {Cosmological parameters, Lensing},
     year = 2009,
    month = jul,
   volume = 41,
    pages = {1595-1610},
      doi = {10.1007/s10714-008-0731-4},
   adsurl = {http://adsabs.harvard.edu/abs/2009GReGr..41.1595S},
  adsnote = {Provided by the SAO/NASA Astrophysics Data System}
}

@article{ishak2010relevance,
   author = {{Ishak}, M. and {Rindler}, W.},
    title = "{The relevance of the cosmological constant for lensing}",
  journal = {General Relativity and Gravitation},
archivePrefix = "arXiv",
   eprint = {1006.0014},
 primaryClass = "astro-ph.CO",
 keywords = {Bending of light, Lensing, Cosmological constant},
     year = 2010,
    month = sep,
   volume = 42,
    pages = {2247-2268},
      doi = {10.1007/s10714-010-0973-9},
   adsurl = {http://adsabs.harvard.edu/abs/2010GReGr..42.2247I},
  adsnote = {Provided by the SAO/NASA Astrophysics Data System}
}

@article{bhadra2010gravitational,
   author = {{Bhadra}, A. and {Biswas}, S. and {Sarkar}, K.},
    title = "{Gravitational deflection of light in the Schwarzschild-de Sitter space-time}",
  journal = {\prd},
archivePrefix = "arXiv",
   eprint = {1007.3715},
 primaryClass = "gr-qc",
 keywords = {Relativity and gravitation, Classical general relativity, Observational cosmology},
     year = 2010,
    month = sep,
   volume = 82,
   number = 6,
      eid = {063003},
    pages = {063003},
      doi = {10.1103/PhysRevD.82.063003},
   adsurl = {http://adsabs.harvard.edu/abs/2010PhRvD..82f3003B},
  adsnote = {Provided by the SAO/NASA Astrophysics Data System}
}

@article{arakida2012effect,
   author = {{Arakida}, H. and {Kasai}, M.},
    title = "{Effect of the cosmological constant on the bending of light and the cosmological lens equation}",
  journal = {\prd},
archivePrefix = "arXiv",
   eprint = {1110.6735},
 primaryClass = "gr-qc",
 keywords = {Gravitational lenses and luminous arcs, Classical general relativity, Dark energy},
     year = 2012,
    month = jan,
   volume = 85,
   number = 2,
      eid = {023006},
    pages = {023006},
      doi = {10.1103/PhysRevD.85.023006},
   adsurl = {http://adsabs.harvard.edu/abs/2012PhRvD..85b3006A},
  adsnote = {Provided by the SAO/NASA Astrophysics Data System}
}

@phdthesis{beynon2012testing,
  title={Testing gravity and dark energy with gravitational lensing},
  author={{Beynon}, E.},
  year={2012},
  school={University of Portsmouth}
}

@article{hammad2013note,
   author = {{Hammad}, F.},
    title = "{A note on the Effect of the Cosmological Constant on the Bending of Light}",
  journal = {Modern Physics Letters A},
archivePrefix = "arXiv",
   eprint = {1309.0263},
 primaryClass = "gr-qc",
     year = 2013,
    month = dec,
   volume = 28,
      eid = {1350181},
    pages = {1350181},
      doi = {10.1142/S0217732313501812},
   adsurl = {http://adsabs.harvard.edu/abs/2013MPLA...2850181H},
  adsnote = {Provided by the SAO/NASA Astrophysics Data System}
}

@article{lebedev2013influence,
   author = {{Lebedev}, D. and {Lake}, K.},
    title = "{On the influence of the cosmological constant on trajectories of light and associated measurements in Schwarzschild de Sitter space}",
  journal = {ArXiv e-prints},
archivePrefix = "arXiv",
   eprint = {1308.4931},
 primaryClass = "gr-qc",
 keywords = {General Relativity and Quantum Cosmology},
     year = 2013,
    month = aug,
   adsurl = {http://adsabs.harvard.edu/abs/2013arXiv1308.4931L},
  adsnote = {Provided by the SAO/NASA Astrophysics Data System}
}

@article{sereno2008influence,
   author = {{Sereno}, M.},
    title = "{Influence of the cosmological constant on gravitational lensing in small systems}",
  journal = {\prd},
archivePrefix = "arXiv",
   eprint = {0711.1802},
 keywords = {Relativity and gravitation, Classical black holes, Gravitational lenses and luminous arcs},
     year = 2008,
    month = feb,
   volume = 77,
   number = 4,
      eid = {043004},
    pages = {043004},
      doi = {10.1103/PhysRevD.77.043004},
   adsurl = {http://adsabs.harvard.edu/abs/2008PhRvD..77d3004S},
  adsnote = {Provided by the SAO/NASA Astrophysics Data System}
}

@article{schucker2008strong,
   author = {{Schucker}, T.},
    title = "{Strong lensing with positive cosmological constant}",
  journal = {ArXiv e-prints},
archivePrefix = "arXiv",
   eprint = {0805.1630},
     year = 2008,
    month = may,
   adsurl = {http://adsabs.harvard.edu/abs/2008arXiv0805.1630S},
  adsnote = {Provided by the SAO/NASA Astrophysics Data System}
}

@article{park2008rigorous,
   author = {{Park}, M.},
    title = "{Rigorous approach to gravitational lensing}",
  journal = {\prd},
archivePrefix = "arXiv",
   eprint = {0804.4331},
     year = 2008,
    month = jul,
   volume = 78,
   number = 2,
      eid = {023014},
    pages = {023014},
      doi = {10.1103/PhysRevD.78.023014},
   adsurl = {http://adsabs.harvard.edu/abs/2008PhRvD..78b3014P},
  adsnote = {Provided by the SAO/NASA Astrophysics Data System}
}

@article{ishak2008new,
   author = {{Ishak}, M. and {Rindler}, W. and {Dossett}, J. and {Moldenhauer}, J. and 
    {Allison}, C.},
    title = "{A new independent limit on the cosmological constant/dark energy from the relativistic bending of light by Galaxies and clusters of Galaxies}",
  journal = {\mnras},
archivePrefix = "arXiv",
   eprint = {0710.4726},
 keywords = {gravitation , gravitational lensing , cosmology: theory},
     year = 2008,
    month = aug,
   volume = 388,
    pages = {1279-1283},
      doi = {10.1111/j.1365-2966.2008.13468.x},
   adsurl = {http://adsabs.harvard.edu/abs/2008MNRAS.388.1279I},
  adsnote = {Provided by the SAO/NASA Astrophysics Data System}
}

@article{kantowski2010gravitational,
   author = {{Kantowski}, R. and {Chen}, B. and {Dai}, X.},
    title = "{Gravitational Lensing Corrections in Flat {$\Lambda$}CDM Cosmology}",
  journal = {\apj},
archivePrefix = "arXiv",
   eprint = {0909.3308},
     year = 2010,
    month = aug,
   volume = 718,
    pages = {913-919},
      doi = {10.1088/0004-637X/718/2/913},
   adsurl = {http://adsabs.harvard.edu/abs/2010ApJ...718..913K},
  adsnote = {Provided by the SAO/NASA Astrophysics Data System}
}

@article{mcvittie1933mass,
   author = {{McVittie}, G.~C.},
    title = "{The mass-particle in an expanding universe}",
  journal = {\mnras},
     year = 1933,
    month = mar,
   volume = 93,
    pages = {325-339},
      doi = {10.1093/mnras/93.5.325},
   adsurl = {http://adsabs.harvard.edu/abs/1933MNRAS..93..325M},
  adsnote = {Provided by the SAO/NASA Astrophysics Data System}
}

@article{tolman1934effect,
   author = {{Tolman}, R.~C.},
    title = "{Effect of Inhomogeneity on Cosmological Models}",
  journal = {Proceedings of the National Academy of Science},
     year = 1934,
    month = mar,
   volume = 20,
    pages = {169-176},
      doi = {10.1073/pnas.20.3.169},
   adsurl = {http://adsabs.harvard.edu/abs/1934PNAS...20..169T},
  adsnote = {Provided by the SAO/NASA Astrophysics Data System}
}

@article{bondi1947spherically,
   author = {{Bondi}, H.},
    title = "{Spherically symmetrical models in general relativity}",
  journal = {\mnras},
     year = 1947,
   volume = 107,
    pages = {410},
      doi = {10.1093/mnras/107.5-6.410},
   adsurl = {http://adsabs.harvard.edu/abs/1947MNRAS.107..410B},
  adsnote = {Provided by the SAO/NASA Astrophysics Data System}
}

@article{islam1983cosmological,
   author = {{Islam}, J.~N.},
    title = "{The cosmological constant and classical tests of general relativity}",
  journal = {Physics Letters A},
     year = 1983,
    month = sep,
   volume = 97,
    pages = {239-241},
      doi = {10.1016/0375-9601(83)90756-9},
   adsurl = {http://adsabs.harvard.edu/abs/1983PhLA...97..239I},
  adsnote = {Provided by the SAO/NASA Astrophysics Data System}
}

@book{will1993theory,
   author = {{Will}, C.~M.},
    title = "{Theory and Experiment in Gravitational Physics}",
booktitle = {Theory and Experiment in Gravitational Physics, by Clifford M.~Will, pp.~396.~ISBN 0521439736.~Cambridge, UK: Cambridge University Press, March 1993.},
     year = 1993,
    month = mar,
    pages = {396},
   adsurl = {http://adsabs.harvard.edu/abs/1993tegp.book.....W},
  adsnote = {Provided by the SAO/NASA Astrophysics Data System},
  publisher={Cambridge University Press}
}

@article{lemaitre1933expansion,
   author = {{Lema√Ætre}, G.},
    title = "{L'Univers en expansion}",
  journal = {Annales de la Soci{\'e}t{\'e} Scientifique de Bruxelles},
     year = 1933,
   volume = 53,
   adsurl = {http://adsabs.harvard.edu/abs/1933ASSB...53...51L},
  adsnote = {Provided by the SAO/NASA Astrophysics Data System}
}

@article{simpson2010lensing,
   author = {{Simpson}, F. and {Peacock}, J.~A. and {Heavens}, A.~F.},
    title = "{On lensing by a cosmological constant}",
  journal = {\mnras},
archivePrefix = "arXiv",
   eprint = {0809.1819},
 keywords = {gravitational lensing, cosmology: theory},
     year = 2010,
    month = mar,
   volume = 402,
    pages = {2009-2016},
      doi = {10.1111/j.1365-2966.2009.16032.x},
   adsurl = {http://adsabs.harvard.edu/abs/2010MNRAS.402.2009S},
  adsnote = {Provided by the SAO/NASA Astrophysics Data System}
}

@article{kottler1918physikalischen,
   author = {{Kottler}, F.},
    title = "{√úber die physikalischen Grundlagen der Einsteinschen Gravitationstheorie}",
  journal = {Annalen der Physik},
     year = 1918,
   volume = 361,
    pages = {401-462},
      doi = {10.1002/andp.19183611402},
   adsurl = {http://adsabs.harvard.edu/abs/1918AnP...361..401K},
  adsnote = {Provided by the SAO/NASA Astrophysics Data System}
}

@article{ishak2010more,
   author = {{Ishak}, M. and {Rindler}, W. and {Dossett}, J.},
    title = "{More on lensing by a cosmological constant}",
  journal = {\mnras},
archivePrefix = "arXiv",
   eprint = {0810.4956},
     year = 2010,
    month = apr,
   volume = 403,
    pages = {2152-2156},
      doi = {10.1111/j.1365-2966.2010.16261.x},
   adsurl = {http://adsabs.harvard.edu/abs/2010MNRAS.403.2152I},
  adsnote = {Provided by the SAO/NASA Astrophysics Data System}
}

@article{fleury2013interpretation,
   author = {{Fleury}, P. and {Dupuy}, H. and {Uzan}, J.-P.},
    title = "{Interpretation of the Hubble diagram in a nonhomogeneous universe}",
  journal = {\prd},
archivePrefix = "arXiv",
   eprint = {1302.5308},
 primaryClass = "astro-ph.CO",
 keywords = {Cosmology, Classical general relativity, Geometrical optics},
     year = 2013,
    month = jun,
   volume = 87,
   number = 12,
      eid = {123526},
    pages = {123526},
      doi = {10.1103/PhysRevD.87.123526},
   adsurl = {http://adsabs.harvard.edu/abs/2013PhRvD..87l3526F},
  adsnote = {Provided by the SAO/NASA Astrophysics Data System}
}

@article{khriplovich2008does,
   author = {{Khriplovich}, I.~B. and {Pomeransky}, A.~A.},
    title = "{Does the Cosmological Term Influence Gravitational Lensing?}",
  journal = {International Journal of Modern Physics D},
archivePrefix = "arXiv",
   eprint = {0801.1764},
 primaryClass = "gr-qc",
 keywords = {Gravitational lensing, cosmology},
     year = 2008,
   volume = 17,
    pages = {2255-2259},
      doi = {10.1142/S0218271808013832},
   adsurl = {http://adsabs.harvard.edu/abs/2008IJMPD..17.2255K},
  adsnote = {Provided by the SAO/NASA Astrophysics Data System}
}

@article{keeton2005formalism,
   author = {{Keeton}, C.~R. and {Petters}, A.~O.},
    title = "{Formalism for testing theories of gravity using lensing by compact objects: Static, spherically symmetric case}",
  journal = {\prd},
   eprint = {gr-qc/0511019},
 keywords = {Classical black holes, Experimental tests of gravitational theories},
     year = 2005,
    month = nov,
   volume = 72,
   number = 10,
      eid = {104006},
    pages = {104006},
      doi = {10.1103/PhysRevD.72.104006},
   adsurl = {http://adsabs.harvard.edu/abs/2005PhRvD..72j4006K},
  adsnote = {Provided by the SAO/NASA Astrophysics Data System}
}

@article{einstein1945influence,
   author = {{Einstein}, A. and {Straus}, E.~G.},
    title = "{The Influence of the Expansion of Space on the Gravitation Fields Surrounding the Individual Stars}",
  journal = {Reviews of Modern Physics},
     year = 1945,
    month = apr,
   volume = 17,
    pages = {120-124},
      doi = {10.1103/RevModPhys.17.120},
   adsurl = {http://adsabs.harvard.edu/abs/1945RvMP...17..120E},
  adsnote = {Provided by the SAO/NASA Astrophysics Data System}
}

@article{kantowski1969corrections,
   author = {{Kantowski}, R.},
    title = "{Corrections in the Luminosity-Redshift Relations of the Homogeneous Fried-Mann Models}",
  journal = {\apj},
     year = 1969,
    month = jan,
   volume = 155,
    pages = {89},
      doi = {10.1086/149851},
   adsurl = {http://adsabs.harvard.edu/abs/1969ApJ...155...89K},
  adsnote = {Provided by the SAO/NASA Astrophysics Data System}
}

@article{szybka2011light,
   author = {{Szybka}, S.~J.},
    title = "{Light propagation in Swiss-cheese cosmologies}",
  journal = {\prd},
archivePrefix = "arXiv",
   eprint = {1012.5239},
 primaryClass = "astro-ph.CO",
 keywords = {Exact solutions, Dark energy, Distances redshifts radial velocities, spatial distribution of galaxies, Cosmology},
     year = 2011,
    month = aug,
   volume = 84,
   number = 4,
      eid = {044011},
    pages = {044011},
      doi = {10.1103/PhysRevD.84.044011},
   adsurl = {http://adsabs.harvard.edu/abs/2011PhRvD..84d4011S},
  adsnote = {Provided by the SAO/NASA Astrophysics Data System}
}

@article{vanderveld2008luminosity,
   author = {{Vanderveld}, R.~A. and {Flanagan}, {\'E}.~{\'E}. and {Wasserman}, I.
    },
    title = "{Luminosity distance in ``Swiss cheese'' cosmology with randomized voids. I. Single void size}",
  journal = {\prd},
archivePrefix = "arXiv",
   eprint = {0808.1080},
     year = 2008,
    month = oct,
   volume = 78,
   number = 8,
      eid = {083511},
    pages = {083511},
      doi = {10.1103/PhysRevD.78.083511},
   adsurl = {http://adsabs.harvard.edu/abs/2008PhRvD..78h3511V},
  adsnote = {Provided by the SAO/NASA Astrophysics Data System}
}

@article{fleury2014swiss,
   author = {{Fleury}, P.},
    title = "{Swiss-cheese models and the Dyer-Roeder approximation}",
  journal = {\jcap},
archivePrefix = "arXiv",
   eprint = {1402.3123},
     year = 2014,
    month = jun,
   volume = 6,
      eid = {054},
    pages = {054},
      doi = {10.1088/1475-7516/2014/06/054},
   adsurl = {http://adsabs.harvard.edu/abs/2014JCAP...06..054F},
  adsnote = {Provided by the SAO/NASA Astrophysics Data System}
}

@article{bolejko2009szekeres,
   author = {{Bolejko}, K.},
    title = "{The Szekeres Swiss Cheese model and the CMB observations}",
  journal = {General Relativity and Gravitation},
archivePrefix = "arXiv",
   eprint = {0804.1846},
 keywords = {Cosmology, CMB observations, The Szekeres model},
     year = 2009,
    month = aug,
   volume = 41,
    pages = {1737-1755},
      doi = {10.1007/s10714-008-0746-x},
   adsurl = {http://adsabs.harvard.edu/abs/2009GReGr..41.1737B},
  adsnote = {Provided by the SAO/NASA Astrophysics Data System}
}

@article{valkenburg2009swiss,
   author = {{Valkenburg}, W.},
    title = "{Swiss cheese and a cheesy CMB}",
  journal = {\jcap},
archivePrefix = "arXiv",
   eprint = {0902.4698},
 primaryClass = "astro-ph.CO",
     year = 2009,
    month = jun,
   volume = 6,
      eid = {010},
    pages = {010},
      doi = {10.1088/1475-7516/2009/06/010},
   adsurl = {http://adsabs.harvard.edu/abs/2009JCAP...06..010V},
  adsnote = {Provided by the SAO/NASA Astrophysics Data System}
}

@article{bolejko2011effect,
   author = {{Bolejko}, K.},
    title = "{The effect of inhomogeneities on the distance to the last scattering surface and the accuracy of the CMB analysis}",
  journal = {\jcap},
archivePrefix = "arXiv",
   eprint = {1101.3338},
     year = 2011,
    month = feb,
   volume = 2,
      eid = {025},
    pages = {025},
      doi = {10.1088/1475-7516/2011/02/025},
   adsurl = {http://adsabs.harvard.edu/abs/2011JCAP...02..025B},
  adsnote = {Provided by the SAO/NASA Astrophysics Data System}
}